@misc{LaTeXTemplate,
	title = {{Programming Assignment template for \LaTeX}},
	author = {Ted Pavlic},
	howpublished = {\newline\url{http://www.latextemplates.com/template/programming-coding-assignment}},
	note = {\newline Accessed: Oct 23, 2013},
	}
